<?xml version="1.0" encoding="UTF-8"?><collection xmlns="http://www.loc.gov/MARC21/slim"><record><leader>00543nam--2200181-i-4500</leader><controlfield tag="001">000037878</controlfield><controlfield tag="002">20161230</controlfield><controlfield tag="005">20161230201041</controlfield><controlfield tag="008">060222s1000------------r-----000-0-fre-d</controlfield><datafield ind1=" " ind2=" " tag="040"><subfield code="a">IFIN-HH</subfield></datafield><datafield ind1=" " ind2=" " tag="041"><subfield code="a">fre</subfield></datafield><datafield ind1=" " ind2=" " tag="080"><subfield code="a">539.171.112(043)</subfield></datafield><datafield ind1="1" ind2=" " tag="100"><subfield code="a">Rapin, Divic</subfield></datafield><datafield ind1="1" ind2="0" tag="245"><subfield code="a">Mesure des parametres de spin d, r, a et p aux petits angles de la diffusion elastique p-p a 312, 493 et 575 mev</subfield><subfield code="b">These</subfield><subfield code="c">Divic rapin</subfield></datafield><datafield ind1=" " ind2=" " tag="260"><subfield code="a">Geneve</subfield><subfield code="b">Universite De Geneve</subfield><subfield code="c">1979</subfield></datafield><datafield ind1=" " ind2=" " tag="300"><subfield code="a">86P</subfield></datafield><datafield ind1=" " ind2=" " tag="852"><subfield code="a">75739</subfield><subfield code="c">539.17</subfield></datafield><datafield ind1=" " ind2=" " tag="CAT"><subfield code="a">Sys</subfield><subfield code="c">20120626</subfield><subfield code="h">095824</subfield></datafield></record></collection>